
@Book{baral02a,
  author =	 "C. Baral",
  title =	 "Knowledge Representation, Reasoning and Declarative Problem
              Solving",
  publisher =	 "Cambridge University Press",
  year =	 2003
}

@InProceedings{gekanesc07b,
  author =	 "M. Gebser and B. Kaufmann and A. Neumann and T. Schaub",
  title =	 "clasp: A Conflict-Driven Answer Set Solver",
  booktitle =    "Proc. IJCAI 07",
  pages =	 "260-265",
  year =	 2007
}

@Misc{gringo,
 author = {S. Thiele},
 title = "Gringo",
 howpublished = "Available at URL\footnote{http://gringo.sourceforge.net/}",
 year = 2006
}

@Misc{DLV,
 title = "{D}{L}{V}",
 howpublished = "Available at URL\footnote{http://www.dlvsystem.com}"
}



@InProceedings{Eiter,
  author =	 "T. Eiter, W. Faber, and M. Truszczy\'{N}ski",
  title =	 "Proceedings of the Sixth International Conference on Logic Programming and Nonmonotonic Rea-
soning",
 volume = "2173 of Lecture Notes in Computer Science",
  booktitle = {LPNMR},
  year      = {2001},
 publisher = Springer-Verlag
}


@InProceedings{omega,
  author =	 "T. Syrj{\"a}nen",
  title =	 "Omega-restricted logic programs",
  booktitle =    "Eiter et al",
  pages =	 "260-265",
  year =	 2007,
  crossref = Eiter

}


@Misc{lparseManual,
 author =	 "T. Syrj{\"a}nen",
 title =	 "Lparse 1.0 User's Manual",
 howpublished = "Available at URL\footnote{http://www.tcs.hut.fi/Software/smodels/lparse.ps.gz}"
}

@Misc{smodels,
  title =	"smodels",
  howpublished = "Available at URL\footnote{http://www.tcs.hut.fi/Software/smodels}"
}

@inproceedings{cmodels,
  author    = {Yuliya Lierler},
  title     = {cmodels - SAT-Based Disjunctive Answer Set Solver},
  booktitle = {LPNMR},
  year      = {2005},
  pages     = {447-451},
  ee        = {http://dx.doi.org/10.1007/11546207_44},
  crossref  = {DBLP:conf/lpnmr/2005},
  bibsource = {DBLP, http://dblp.uni-trier.de}
}

@Misc{claspD,
  key =		 "claspD",
  title =	 "clasp{D}",
  howpublished = "\texttt{http://www.cs.uni-potsdam.de/claspD}"
}

@inproceedings{gringopaper,
 author = {Martin Gebser, Torsten Schaub, Sven Thiele},
 title = "Gringo: A New Grounder for Answer Set Programming",
 booktitle = {LPNMR},
 year = 2007
}



@book{syntax,
 author = {J. Lloyd},
 title = "Foundations of Logic Programming. Symbolic Computation.",
 publisher = "Springer-Verlag",
 note = "2nd edition",
 year = 1987
}

@book{safe,
 author = {J. Ullman},
 title = "Principles of Database Systems",
 booktitle = {Principles of Database Systems},
 publisher = "Computer Science Press",
 address = "Rockville MD"
 year = 1982
}




